@ONLINE {numpy-main,
    author = "NumPy",
    title  = "NumPy - The fundamental package for scientific computing with Python",
    year   = "2022",
    url    = "https://numpy.org/"
}

@ONLINE {matplotlib-main,
    author = "The Matplotlib development team",
    title  = "Matplotlib: Visualization with Python",
    year   = "2022",
    url    = "https://matplotlib.org/"
}

@ONLINE {sympy-main,
    author = "SymPy Development Team",
    title  = "SymPy",
    year   = "2021",
    url    = "https://www.sympy.org/en/index.html"
}
